@book{Kleppmann, title={Designing Data-Intensive Applications}, publisher={Oâ€™Reilly}, author={Kleppmann, Martin}, year={2017}} 

@article{bigtable,
  title={Bigtable: A distributed storage system for structured data},
  author={Chang, Fay and Dean, Jeffrey and Ghemawat, Sanjay and Hsieh, Wilson C and Wallach, Deborah A and Burrows, Mike and Chandra, Tushar and Fikes, Andrew and Gruber, Robert E},
  journal={ACM Transactions on Computer Systems (TOCS)},
  volume={26},
  number={2},
  pages={1--26},
  year={2008},
  publisher={ACM New York, NY, USA}
}

@misc{Cassandra, url={https://cassandra.apache.org/_/index.html}, journal={Apache Cassandra}}

@misc{ScyllaDB, url={https://www.scylladb.com/glossary/sstable/}, journal={ScyllaDB}}

@misc{BigTableURl, url={https://cloud.google.com/bigtable/docs/overview}, journal={Google BigTable}}